@Book{bib1,
	title= "Алгоритмические основы машинной графики",
	author="Д. Роджерс",
	publisher="Москва <<Мир>>",
	year={1989},
	pages="512"
}

@Book{bib2,
	title= "Пример реализации в реальном времени метода трассировки лучей: необычные возможности и принцип работы. Оптимизация под SSE",
	author="Лев Дымченко",
	publisher="ixbt",
	month={11},
	year={2001},
	url="https://www.ixbt.com/video/rt-raytracing.shtml"
}

@Book{bib3,
	title= "Программирование компьютерной графики",
	author="Боресков А.",
	publisher="ДМК Пресс",
	year={2019},
	pages="370"
}

@Book{bib4,
	title= "Ray tracing",
	publisher="Wikipedia",
	year={2015},
	url="https://en.wikipedia.org/wiki/Ray_tracing_(graphics)"
}

@Book{bib5,
	title= "Трассировка лучей из книги Джефа Проузиса",
	author="Ю.М.Баяковский",
	year={1999},
	url="https://www.graphicon.ru/oldgr/courses/cg99/notes/lect12/prouzis/raytrace.htm"
}

@Book{bib6,
	title= "Learn Computer Graphics From Scratch!",
	year={2000-2016},
	url="https://www.scratchapixel.com/index.php?redirect"
}


